%% This BibTeX bibliography file was created using BibDesk.
%% http://bibdesk.sourceforge.net/


%% Created for Ankur Sharma at 2014-08-24 10:16:01 +0200 


%% Saved with string encoding Unicode (UTF-8) 



@url{wiki,
	Author = {https://www.wikipedia.org},
	Date-Added = {2014-08-24 08:09:50 +0000},
	Date-Modified = {2014-08-24 08:10:57 +0000},
	Title = {Wikipedia},
	Urldate = {23.08.2014}}

@inproceedings{trinitynew,
	Author = {Brian J. Haas and Alexie Papanicolaou and Moran Yassour and Manfred Grabherr and Philip D. Blood and Joshua Bowden and Matthew Brian Couger and David Eccles and Bo Li and Matthias Lieber and Matthew D. MacManes and Michael Ott and Joshua Orvis and Nathalie Pochet and Francesco Strozzi and Nathan Weeks and Rick Westerman and Thomas William and Colin N. Dewey and Robert Henschel and Richard D. LeDuc and Nir Friedman and Aviv Regev},
	Booktitle = {Nature Protocols},
	Date-Added = {2014-07-06 22:28:00 +0000},
	Date-Modified = {2014-07-06 22:32:34 +0000},
	Pages = {1494 - 1512},
	Title = {De novo transcript sequence reconstruction from RNA-Seq: reference generation and analysis with Trinity},
	Volume = {8},
	Year = {2013}}

@url{mmap,
	Author = {http://www.gnu.org/software/libc/manual/},
	Date-Added = {2014-07-05 14:23:52 +0000},
	Date-Modified = {2014-07-05 14:37:21 +0000},
	Lastchecked = {05.07.2014},
	Title = {Memory Map: Efficiency and Malloc}}

@url{trinityweb,
	Author = {http://trinityrnaseq.sourceforge.net/},
	Date-Added = {2014-06-16 07:16:16 +0000},
	Date-Modified = {2014-07-05 14:28:11 +0000},
	Lastchecked = {16},
	Month = {June},
	Title = {RNA-Seq De novo Assembly Using Trinity},
	Url = {http://trinityrnaseq.sourceforge.net/},
	Year = {2014},
	Bdsk-Url-1 = {http://trinityrnaseq.sourceforge.net/}}

@url{lockfree,
	Author = {libhash : Hopscotch hash table},
	Date-Added = {2014-06-15 15:49:51 +0000},
	Date-Modified = {2014-07-05 14:27:46 +0000},
	Lastchecked = {15.06.2014},
	Month = {June},
	Title = {https://code.google.com/p/libhhash/wiki/Intro},
	Url = {https://code.google.com/p/libhhash/wiki/Intro},
	Year = {2014},
	Bdsk-Url-1 = {https://code.google.com/p/libhhash/wiki/Intro}}

@conference{Zhao,
	Author = {Qiong-Yi Zhao and Yi Wang and Yi-Meng Kong and Da Luo and Xuan Li and Pei Hao},
	Date-Added = {2014-06-15 14:01:54 +0000},
	Date-Modified = {2014-06-15 14:18:55 +0000},
	Month = {December},
	Publisher = {BMC Bioinformatics},
	Title = {Optimizing de novo transcriptome assembly from short-read RNA-Seq data: a comparative study},
	Year = {2011}}

@article{trinity,
	Author = {Manfred G Grabherr and Brian J Haas and Moran Yassour and Joshua Z Levin and Dawn A Thompson and Ido Amit and Xian Adiconis and Lin Fan and Raktima Raychowdhury and Qiandong Zeng and Zehua Chen and Evan Mauceli and Nir Hacohen and Andreas Gnirke and Nicholas Rhind and Federica di Palma and Bruce W Birren and Chad Nusbaum and Kerstin Lindblad-Toh and Nir Friedman and Aviv Regev},
	Date-Added = {2014-06-15 13:52:30 +0000},
	Date-Modified = {2014-06-15 13:53:58 +0000},
	Journal = {Nature Biotechnology 29},
	Pages = {644 - 652},
	Title = {Full-length transcriptome assembly from RNA-Seq data without a reference genome},
	Year = {2011}}

@inproceedings{performance,
	Acmid = {2335842},
	Address = {New York, NY, USA},
	Articleno = {45},
	Author = {Henschel, Robert and Lieber, Matthias and Wu, Le-Shin and Nista, Phillip M. and Haas, Brian J. and LeDuc, Richard D.},
	Booktitle = {Proceedings of the 1st Conference of the Extreme Science and Engineering Discovery Environment: Bridging from the eXtreme to the Campus and Beyond},
	Doi = {10.1145/2335755.2335842},
	Isbn = {978-1-4503-1602-6},
	Keywords = {RNA-seq, application performance analysis, de novo DNA sequence assembly},
	Location = {Chicago, Illinois},
	Numpages = {8},
	Pages = {45:1--45:8},
	Publisher = {ACM},
	Series = {XSEDE '12},
	Title = {Trinity RNA-Seq Assembler Performance Optimization},
	Url = {http://doi.acm.org/10.1145/2335755.2335842},
	Year = {2012},
	Bdsk-Url-1 = {http://doi.acm.org/10.1145/2335755.2335842},
	Bdsk-Url-2 = {http://dx.doi.org/10.1145/2335755.2335842}}

@article{Jacobs,
	Acmid = {1536632},
	Address = {New York, NY, USA},
	Author = {Jacobs, Adam},
	Doi = {10.1145/1536616.1536632},
	Issn = {0001-0782},
	Issue_Date = {August 2009},
	Journal = {Commun. ACM},
	Month = aug,
	Number = {8},
	Numpages = {9},
	Pages = {36--44},
	Publisher = {ACM},
	Title = {The Pathologies of Big Data},
	Url = {http://doi.acm.org/10.1145/1536616.1536632},
	Volume = {52},
	Year = {2009},
	Bdsk-Url-1 = {http://doi.acm.org/10.1145/1536616.1536632},
	Bdsk-Url-2 = {http://dx.doi.org/10.1145/1536616.1536632}}

@incollection{hopscotch,
	Author = {Herlihy, Maurice and Shavit, Nir and Tzafrir, Moran},
	Booktitle = {Distributed Computing},
	Doi = {10.1007/978-3-540-87779-0_24},
	Editor = {Taubenfeld, Gadi},
	Isbn = {978-3-540-87778-3},
	Pages = {350-364},
	Publisher = {Springer Berlin Heidelberg},
	Series = {Lecture Notes in Computer Science},
	Title = {Hopscotch Hashing},
	Url = {http://dx.doi.org/10.1007/978-3-540-87779-0_24},
	Volume = {5218},
	Year = {2008},
	Bdsk-Url-1 = {http://dx.doi.org/10.1007/978-3-540-87779-0_24}}

@misc{tock,
	Author = {Tock, T.D. and Wong, T.K.},
	Month = sep # {~5},
	Note = {US Patent 6,115,802},
	Publisher = {Google Patents},
	Title = {Efficient hash table for use in multi-threaded environments},
	Url = {http://google.com/patents/US6115802},
	Year = {2000},
	Bdsk-Url-1 = {http://google.com/patents/US6115802}}
