%% This BibTeX bibliography file was created using BibDesk.
%% http://bibdesk.sourceforge.net/


%% Created for Ankur Sharma at 2014-06-10 11:40:26 +0200 


%% Saved with string encoding Unicode (UTF-8) 


@ARTICLE{Meyer2000,
AUTHOR="Bernd Meyer",
TITLE="A constraint-based framework for diagrammatic reasoning",
JOURNAL="Applied Artificial Intelligence",
VOLUME= "14",
ISSUE = "4",
PAGES= "327--344",
YEAR=2000
}
